% This file was created with JabRef 2.10.
% Encoding: Cp1252


@InProceedings{ananthanarayanan11,
  Title                    = {{Scarlett: Coping with Skewed Content Popularity in MapReduce Clusters}},
  Author                   = {Ananthanarayanan, G and Agarwal, S and Kandula, S and Greenberg, A and Stoica, I and Harlan, D and Harris, E},
  Booktitle                = {Proc. of ACM EuroSys},
  Year                     = {2011}
}

@Misc{andrews13,
  Title                    = {{Straight Talk about Disk Backup with Deduplication}},

  Author                   = {Bill Andrews},
  Note                     = {ExaGrid},
  Year                     = {2013}
}

@InProceedings{aronovich09,
  Title                    = {{The Design of A Similarity Based Deduplication System}},
  Author                   = {Aronovich, L. and Asher, R. and Bachmat, E. and Bitner, H. and Hirsch, M. and Klein, S.T.},
  Booktitle                = {Proc. of ACM SYSTOR},
  Year                     = {2009}
}

@InProceedings{balasubramanian14,
  Title                    = {{SAP: Similarity-Aware Partitioning for Efficient Cloud Storage}},
  Author                   = {Balasubramanian, Bharath and Lan, Tian and Chiang, Mung},
  Booktitle                = {Proc. of IEEE INFOCOM},
  Year                     = {2014}
}

@InProceedings{benson10,
  Title                    = {{Network Traffic Characteristics of Data Centers in The Wild}},
  Author                   = {Benson, Theophilus and Akella, Aditya and Maltz, David A},
  Booktitle                = {Proc. of ACM IMC},
  Year                     = {2010}
}

@InProceedings{berson94,
  Title                    = {{Staggered Striping in Multimedia Information Systems}},
  Author                   = {Berson, Steven and Ghandeharizadeh, Shahram and Muntz, Richard and Ju, Xiangyu},
  Booktitle                = {Proc. of ACM SIGMOD},
  Year                     = {1994}
}

@InProceedings{bhagwan04,
  Title                    = {{Total Recall: System Support for Automated Availability Management}},
  Author                   = {Bhagwan, R. and Tati, K. and Cheng, Y.C. and Savage, S. and Voelker, G.M.},
  Booktitle                = {Proc. of USENIX NSDI},
  Year                     = {2004}
}

@InProceedings{Bhagwat09,
  Title                    = {{Extreme Binning: Scalable, Parallel Deduplication for Chunk-based File Backup}},
  Author                   = {Bhagwat, Deepavali and Eshghi, Kave and Long, Darrell D. E. and Lillibridge, Mark},
  Booktitle                = {Proc. of IEEE MASCOTS},
  Year                     = {2009}
}

@InProceedings{bhagwat06,
  Title                    = {{Providing High Reliability in A Minimum Redundancy Archival Storage System}},
  Author                   = {Bhagwat, D. and Pollack, K. and Long, D.D.E. and Schwarz, T. and Miller, E.L. and P{\^a}ris, J.F.},
  Booktitle                = {Proc. of IEEE MASCOTS},
  Year                     = {2006}
}

@Conference{black06,
  Title                    = {{Compare-by-Hash: A Reasoned Analysis}},
  Author                   = {J. Black},
  Booktitle                = {Proc. of USENIX ATC},
  Year                     = {2006},
  Month                    = {Jun}
}

@InProceedings{calder11,
  Title                    = {{Windows Azure Storage: A Highly Available Cloud Storage Service with Strong Consistency}},
  Author                   = {Calder et al., Brad},
  Booktitle                = {Proc. of ACM SOSP},
  Year                     = {2011}
}

@InProceedings{chowdhury13,
  Title                    = {{Leveraging Endpoint Flexibility in Data-Intensive Clusters}},
  Author                   = {Chowdhury, Mosharaf and Kandula, Srikanth and Stoica, Ion},
  Booktitle                = {Proc. of ACM SIGCOMM},
  Year                     = {2013}
}

@InProceedings{decandia07,
  Title                    = {{Dynamo: Amazon's Highly Available Key-Value Store}},
  Author                   = {DeCandia, G. and Hastorun, D. and Jampani, M. and Kakulapati, G. and Lakshman, A. and Pilchin, A. and Sivasubramanian, S. and Vosshall, P. and Vogels, W.},
  Booktitle                = {Proc. of ACM SOSP},
  Year                     = {2007}
}

@InProceedings{dong11,
  Title                    = {{Tradeoffs in Scalable Data Routing for Deduplication Clusters}},
  Author                   = {Dong, W. and Douglis, F. and Li, K. and Patterson, H. and Reddy, S. and Shilane, P.},
  Booktitle                = {Proc. of USENIX FAST},
  Year                     = {2011}
}

@InProceedings{dubnicki09,
  Title                    = {{Hydrastor: A Scalable Secondary Storage}},
  Author                   = {Dubnicki, C. and Gryz, L. and Heldt, L. and Kaczmarczyk, M. and Kilian, W. and Strzelczak, P. and Szczepkowski, J. and Ungureanu, C. and Welnicki, M.},
  Booktitle                = {Proc. of USENIX FAST},
  Year                     = {2009}
}

@Misc{eastlake01,
  Title                    = {US secure hash algorithm 1 (SHA1)},

  Author                   = {Eastlake, Donald and Jones, Paul},
  Year                     = {2001},

  Publisher                = {RFC 3174, September}
}

@Misc{kyotocab,
  Title                    = {Kyoto Cabinet},

  Author                   = {{FAL Labs}},
  HowPublished             = {\url{http://fallabs.com/kyotocabinet/}},

  Owner                    = {windkit},
  Timestamp                = {2014.01.22}
}

@InProceedings{ford10,
  Title                    = {{Availability in Globally Distributed Storage Systems}},
  Author                   = {Ford, D. and Labelle, F. and Popovici, F.I. and Stokely, M. and Truong, V.A. and Barroso, L. and Grimes, C. and Quinlan, S.},
  Booktitle                = {Proc. of USENIX OSDI},
  Year                     = {2010}
}

@Article{freeman08,
  Title                    = {{How Safe Is Deduplication}},
  Author                   = {Freeman, L.},
  Journal                  = {NetApp Tech OnTap},
  Year                     = {2008}
}

@InProceedings{min14,
  Title                    = {{Accelerating Restore and Garbage Collection in Deduplication-based Backup Systems via Exploiting Historical Information}},
  Author                   = {Min Fu and Dan Feng and Yu Hua and Xubin He and Zuoning Chen and Wen Xia and Fangting Huang and Qing Liu},
  Booktitle                = {Proc. of USENIX ATC},
  Year                     = {2014}
}

@InProceedings{ghemawat03,
  Title                    = {{The Google File System}},
  Author                   = {Ghemawat, S. and Gobioff, H. and Leung, S.T.},
  Booktitle                = {Proc. of ACM SOSP},
  Year                     = {2003}
}

@InProceedings{greenan10,
  Title                    = {{Flat XOR-based Erasure Codes in Storage Systems: Constructions, Efficient Recovery, and Tradeoffs}},
  Author                   = {Greenan, K.M. and Li, X. and Wylie, J.J.},
  Booktitle                = {Proc. of IEEE MSST},
  Year                     = {2010}
}

@InProceedings{guo11,
  Title                    = {{Building A High Performance Deduplication System}},
  Author                   = {Guo, F. and Efstathopoulos, P.},
  Booktitle                = {Proc. of USENIX ATC},
  Year                     = {2011}
}

@InProceedings{holland92,
  Title                    = {{Parity Declustering for Continuous Operation in Redundant Disk Arrays}},
  Author                   = {Holland, Mark and Gibson, Garth A},
  Booktitle                = {Proc. of ACM ASPLOS},
  Year                     = {1992}
}

@Article{Holland94,
  Title                    = {{Architectures and Algorithms for On-line Failure Recovery in Redundant Disk Arrays}},
  Author                   = {Holland, Mark and Gibson, Garth A. and Siewiorek, Daniel P.},
  Journal                  = {Distrib. Parallel Databases},
  Year                     = {1994},
  Number                   = {3},
  Pages                    = {295--335},
  Volume                   = {2},

  Publisher                = {Kluwer Academic Publishers}
}

@InProceedings{huang12,
  Title                    = {{Erasure Coding in Windows Azure Storage}},
  Author                   = {Huang, C. and Simitci, H. and Xu, Y. and Ogus, A. and Calder, B. and Gopalan, P. and Li, J. and Yekhanin, S.},
  Booktitle                = {Proc. of USENIX ATC},
  Year                     = {2012}
}

@Book{jain84,
  Title                    = {{A Quantitative Measure of Fairness and Discrimination for Resource Allocation in Shared Computer System}},
  Author                   = {Jain, R. and Chiu, D.M. and Hawe, W.R.},
  Publisher                = {Eastern Research Laboratory, Digital Equipment Corporation},
  Year                     = {1984}
}

@InProceedings{kaczmarczyk12,
  Title                    = {{Reducing Impact of Data Fragmentation Caused by In-line Deduplication}},
  Author                   = {Kaczmarczyk, M. and Barczynski, M. and Kilian, W. and Dubnicki, C.},
  Booktitle                = {Proc. of ACM SYSTOR},
  Year                     = {2012}
}

@InProceedings{kandula09,
  Title                    = {{The Nature of Data Center Traffic: Measurements \& Analysis}},
  Author                   = {Kandula, Srikanth and Sengupta, Sudipta and Greenberg, Albert and Patel, Parveen and Chaiken, Ronnie},
  Booktitle                = {Proc. of ACM IMC},
  Year                     = {2009}
}

@InProceedings{khan12,
  Title                    = {{Rethinking Erasure Codes for Cloud File Systems: Minimizing I/O for Recovery and Degraded Reads}},
  Author                   = {O. Khan and R. Burns and J. S. Plank and W. Pierce and C. Huang},
  Booktitle                = {Proc. of USENIX FAST},
  Year                     = {2012}
}

@Article{kubiatowicz00,
  Title                    = {{Oceanstore: An Architecture for Global-Scale Persistent Storage}},
  Author                   = {Kubiatowicz, J. and Bindel, D. and Chen, Y. and Czerwinski, S. and Eaton, P. and Geels, D. and Gummadi, R. and Rhea, S. and Weatherspoon, H. and Weimer, W. and others},
  Journal                  = {ACM Sigplan Notices},
  Year                     = {2000},
  Number                   = {11},
  Pages                    = {190--201},
  Volume                   = {35},

  Publisher                = {ACM}
}

@InProceedings{Lee05,
  Title                    = {Measuring Bandwidth Between Planetlab Nodes},
  Author                   = {Lee, Sung-Ju and Sharma, Puneet and Banerjee, Sujata and Basu, Sujoy and Fonseca, Rodrigo},
  Booktitle                = {Proc. of PAM},
  Year                     = {2005}
}

@Article{leong12,
  Title                    = {{Distributed Storage Allocations}},
  Author                   = {Leong, Derek and Dimakis, Alexandros G and Ho, Tracey},
  Journal                  = {Information Theory, IEEE Transactions on},
  Year                     = {2012},
  Number                   = {7},
  Pages                    = {4733--4752},
  Volume                   = {58},

  Publisher                = {IEEE}
}

@InProceedings{li10,
  Title                    = {{Tree-structured Data Regeneration in Distributed Storage Systems with Regenerating Codes}},
  Author                   = {Li, Jun and Yang, Shuang and Wang, Xin and Li, Baochun},
  Booktitle                = {Proc. of IEEE INFOCOM},
  Year                     = {2010}
}

@Article{li11,
  Title                    = {{Reliability Analysis of Deduplicated and Erasure-Coded Storage}},
  Author                   = {Li, X. and Lillibridge, M. and Uysal, M.},
  Journal                  = {ACM SIGMETRICS Performance Evaluation Review},
  Year                     = {2011},
  Number                   = {3},
  Pages                    = {4--9},
  Volume                   = {38},

  Publisher                = {ACM}
}

@Article{li15,
  Title                    = {{Efficient Hybrid Inline and Out-of-Line Deduplication for Backup Storage}},
  Author                   = {Yan-Kit Li and Min Xu and Chun-Ho Ng and Patrick P. C. Lee},
  Journal                  = {ACM Trans. on Storage},
  Year                     = {2015},
  Number                   = {1},
  Pages                    = {2},
  Volume                   = {11}
}

@InProceedings{lillibridge13,
  Title                    = {{Improving Restore Speed for Backup Systems that Use Inline Chunk-Based Deduplication}},
  Author                   = {Lillibridge, Mark and Eshghi, Kave and Bhagwat, Deepavali},
  Booktitle                = {Proc. of USENIX FAST},
  Year                     = {2013}
}

@InProceedings{lillibridge09,
  Title                    = {{Sparse Indexing: Large Scale, Inline Deduplication Using Sampling and Locality}},
  Author                   = {Lillibridge, M. and Eshghi, K. and Bhagwat, D. and Deolalikar, V. and Trezise, G. and Camble, P.},
  Booktitle                = {Proc. of USENIX FAST},
  Year                     = {2009}
}

@InProceedings{liu09,
  Title                    = {{R-ADMAD: High Reliability Provision for Large-scale De-duplication Archival Storage Systems}},
  Author                   = {Liu, Chuanyi and Gu, Yu and Sun, Linchun and Yan, Bin and Wang, Dongsheng},
  Booktitle                = {Proc. of ACM ICS},
  Year                     = {2009}
}

@Book{macwilliams06,
  Title                    = {{The Theory of Error-Correcting Codes}},
  Author                   = {MacWilliams, F. and Sloane, N.},
  Publisher                = {North-Holland},
  Year                     = {2006}
}

@Article{maros99,
  Title                    = {{A Repository of Convex Quadratic Programming Problems}},
  Author                   = {Maros, Istvan and M{\'e}sz{\'a}ros, Csaba},
  Journal                  = {Optimization Methods and Software},
  Year                     = {1999},
  Number                   = {1-4},
  Pages                    = {671--681},
  Volume                   = {11},

  Publisher                = {Taylor \& Francis}
}

@Article{meyer12,
  Title                    = {{A Study of Practical Deduplication}},
  Author                   = {Meyer, Dutch T and Bolosky, William J},
  Journal                  = {ACM Transactions on Storage},
  Year                     = {2012},
  Number                   = {4},
  Pages                    = {14},
  Volume                   = {7},

  Publisher                = {ACM}
}

@InProceedings{muthitacharoen01,
  Title                    = {{A Low-Bandwidth Network File System}},
  Author                   = {Muthitacharoen, A. and Chen, B. and Mazieres, D.},
  Booktitle                = {Proc. of ACM SOSP},
  Year                     = {2001}
}

@InProceedings{nam11,
  Title                    = {{Reliability-Aware Deduplication Storage: Assuring Chunk Reliability and Chunk Loss Severity}},
  Author                   = {Nam, Y. and Lu, G. and Du, D.H.C.},
  Booktitle                = {Proc. of IEEE IGCC},
  Year                     = {2011}
}

@InProceedings{ng13,
  Title                    = {{RevDedup: A Reverse Deduplication Storage System Optimized for Reads to Latest Backups}},
  Author                   = {Ng, Chun-Ho and Lee, Patrick PC},
  Booktitle                = {Proc. of ACM APSys},
  Year                     = {2013}
}

@Misc{openssl,
  Author                   = {OpenSSL},
  HowPublished             = {\url{http://www.openssl.org}}
}

@InProceedings{pinheiro07,
  Title                    = {{Failure Trends in a Large Disk Drive Population}},
  Author                   = {Pinheiro, Eduardo and Weber, Wolf-Dietrich and Barroso, Luiz Andr{\'e}},
  Booktitle                = {Proc. of FAST},
  Year                     = {2007}
}

@InProceedings{plank09,
  Title                    = {{A Performance Evaluation and Examination of Open-Source Erasure Coding Libraries for Storage}},
  Author                   = {Plank, J.S. and Luo, J. and Schuman, C.D. and Xu, L. and Wilcox-O'Hearn, Z.},
  Booktitle                = {Proc. of USENIX FAST},
  Year                     = {2009},
  Pages                    = {253--265}
}

@TechReport{pg:14:jer,
  Title                    = {{Jerasure: A Library in {C} Facilitating Erasure Coding for Storage Applications -- Version 2.0}},
  Author                   = {J. S. Plank and K. M. Greenan},
  Institution              = {University of Tennessee},
  Year                     = {2014},
  Month                    = {January},
  Number                   = {UT-EECS-14-721},

  Where                    = {http://web.eecs.utk.edu/~plank/plank/papers/UT-EECS-14-721.html}
}

@TechReport{pmg:13:gfc10,
  Title                    = {{{GF-Complete}: A Comprehensive Open Source Library for {G}alois {F}ield Arithmetic. Version 1.0}},
  Author                   = {J. S. Plank and E. L. Miller and K. M. Greenan and B. A. Arnold and
 J. A. Burnum and A. W. Disney and A. C. McBride},
  Institution              = {University of Tennessee},
  Year                     = {2013},
  Month                    = {September},
  Number                   = {UT-CS-13-716},

  Where                    = {http://web.eecs.utk.edu/~plank/plank/papers/CS-13-716.html}
}

@InProceedings{quinlan02,
  Title                    = {{Venti: A New Approach to Archival Storage}},
  Author                   = {Quinlan, S. and Dorward, S.},
  Booktitle                = {Proc. of USENIX FAST},
  Year                     = {2002}
}

@Book{rabin81,
  Title                    = {{Fingerprinting by Random Polynomials}},
  Author                   = {Rabin, M.O.},
  Publisher                = {Center for Research in Computing Techn., Aiken Computation Laboratory, Univ.},
  Year                     = {1981}
}

@InProceedings{rashmi13,
  Title                    = {A Solution to the Network Challenges of Data Recovery in Erasure-coded Distributed Storage Systems: A Study on the Facebook Warehouse Cluster},
  Author                   = {K. V. Rashmi and Nihar B. Shah and Dikang Gu and Hairong Kuang and Dhruba Borthakur and Kannan Ramchandran},
  Booktitle                = {Presented as part of the 5th USENIX Workshop on Hot Topics in Storage and File Systems},
  Year                     = {2013}
}

@Article{reed60,
  Title                    = {{Polynomial Codes over Certain Finite Fields}},
  Author                   = {Reed, I.S. and Solomon, G.},
  Journal                  = {Journal of the Society for Industrial and Applied Mathematics},
  Year                     = {1960},

  Month                    = {Jun},
  Number                   = {2},
  Pages                    = {300--304},
  Volume                   = {8}
}

@InProceedings{rhea2008fast,
  Title                    = {{Fast, Inexpensive Content-Addressed Storage in Foundation}},
  Author                   = {Rhea, Sean and Cox, Russ and Pesterev, Alex},
  Booktitle                = {Proc. of ATC},
  Year                     = {2008}
}

@Article{rivest92,
  Title                    = {{The MD5 Message-Digest Algorithm}},
  Author                   = {Rivest, Ronald},
  Year                     = {1992}
}

@InProceedings{rozier12,
  Title                    = {{A Framework for Efficient Evaluation of the Fault Tolerance of Deduplicated Storage Systems}},
  Author                   = {Rozier, E.W.D. and Sanders, W.H.},
  Booktitle                = {Proc. of IEEE/IFIP DSN},
  Year                     = {2012}
}

@InProceedings{rozier11,
  Title                    = {{Modeling the Fault Tolerance Consequences of Deduplication}},
  Author                   = {Rozier, E.W.D. and Sanders, W.H. and Zhou, P. and Mandagere, N. and Uttamchandani, S.M. and Yakushev, M.L.},
  Booktitle                = {Proc. of IEEE SRDS},
  Year                     = {2011}
}

@InProceedings{Saito04,
  Title                    = {FAB: Building Distributed Enterprise Disk Arrays from Commodity Components},
  Author                   = {Saito, Yasushi and Fr{\o}lund, Svend and Veitch, Alistair and Merchant, Arif and Spence, Susan},
  Booktitle                = {Proc. of ACM ASPLOS},
  Year                     = {2004}
}

@InProceedings{Sathiamoorthy13,
  Title                    = {{XORing Elephants: Novel Erasure Codes for Big Data}},
  Author                   = {Sathiamoorthy, Maheswaran and Asteris, Megasthenis and Papailiopoulos, Dimitris and Dimakis, Alexandros G. and Vadali, Ramkumar and Chen, Scott and Borthakur, Dhruba},
  Booktitle                = {Proc. of VLDB Endowment},
  Year                     = {2013}
}

@InProceedings{Schmuck02,
  Title                    = {GPFS: A Shared-Disk File System for Large Computing Clusters},
  Author                   = {Schmuck, Frank and Haskin, Roger},
  Booktitle                = {Proc. of USENIX FAST},
  Year                     = {2002}
}

@InProceedings{tan12,
  Title                    = {{Reducing The De-linearization of Data Placement to Improve Deduplication Performance}},
  Author                   = {Tan, Yujuan and Yan, Zhichao and Feng, Dan and Sha, EHM},
  Booktitle                = {The 2012 International Workshop on Data-Intensive Scalable Computing Systems},
  Year                     = {2012}
}

@InProceedings{tarasov12,
  Title                    = {{Generating Realistic Datasets for Deduplication Analysis}},
  Author                   = {Tarasov, Vasily and Mudrankit, Amar and Buik, Will and Shilane, Philip and Kuenning, Geoff and Zadok, Erez},
  Booktitle                = {Proc. of USENIX ATC},
  Year                     = {2012}
}

@InProceedings{ungureanu10,
  Title                    = {{HydraFS: A High-Throughput File System for The HYDRAstor Content-Addressable Storage System}},
  Author                   = {Ungureanu, C. and Atkin, B. and Aranya, A. and Gokhale, S. and Rago, S. and Ca{\l}kowski, G. and Dubnicki, C. and Bohra, A.},
  Booktitle                = {Proc. of USENIX FAST},
  Year                     = {2010}
}

@InProceedings{wang14,
  Title                    = {{Heterogeneity-Aware Data Regeneration in Distributed Storage Systems}},
  Author                   = {Wang, Yan and Wei, Dongsheng and Yin, Xunrui and Wang, Xin},
  Booktitle                = {Proc. of IEEE INFOCOM},
  Year                     = {2014}
}

@InProceedings{weatherspoon02,
  Title                    = {{Erasure Coding Vs. Replication: A Quantitative Comparison}},
  Author                   = {Hakim Weatherspoon and John D. Kubiatowicz},
  Booktitle                = {Proc. of IPTPS},
  Year                     = {2002},
  Month                    = {Mar},

  Owner                    = {pclee},
  Timestamp                = {2013.03.10}
}

@InProceedings{wei10,
  Title                    = {{Mad2: A Scalable High-Throughput Exact Deduplication Approach for Network Backup Services}},
  Author                   = {Wei, Jiansheng and Jiang, Hong and Zhou, Ke and Feng, Dan},
  Booktitle                = {Proc. of IEEE MSST},
  Year                     = {2010}
}

@InProceedings{Weil06,
  Title                    = {CRUSH: Controlled, Scalable, Decentralized Placement of Replicated Data},
  Author                   = {Weil, Sage A. and Brandt, Scott A. and Miller, Ethan L. and Maltzahn, Carlos},
  Booktitle                = {Proc. of ACM/IEEE SC},
  Year                     = {2006}
}

@Misc{wuala,
  Author                   = {Wuala},
  HowPublished             = {http://www.wuala.com}
}

@InProceedings{xia11,
  Title                    = {{SiLo: A Similarity-locality Based Near-exact Deduplication Scheme with Low RAM Overhead and High Throughput}},
  Author                   = {Xia, Wen and Jiang, Hong and Feng, Dan and Hua, Yu},
  Booktitle                = {Proc. of USENIX ATC},
  Year                     = {2011}
}

@InProceedings{you05,
  Title                    = {{Deep Store: An Archival Storage System Architecture}},
  Author                   = {You, L.L. and Pollack, K.T. and Long, D.D.E.},
  Booktitle                = {Proc. of IEEE ICDE},
  Year                     = {2005}
}

@InProceedings{zaharia08,
  Title                    = {{Improving MapReduce Performance in Heterogeneous Environments}},
  Author                   = {Matei Zaharia and Andy Konwinski and Anthony D. Joseph and Randy Katz and Ion Stoica},
  Booktitle                = {Proc. of USENIX OSDI},
  Year                     = {2008}
}

@Article{zhang07,
  Title                    = {{SLAS: An Efficient Approach to Scaling Round-Robin Striped Volumes}},
  Author                   = {Zhang, Guangyan and Shu, Jiwu and Xue, Wei and Zheng, Weimin},
  Journal                  = {ACM Trans. on Storage},
  Year                     = {2007},
  Number                   = {1},
  Pages                    = {3},
  Volume                   = {3},

  Publisher                = {ACM}
}

@InProceedings{zheng11,
  Title                    = {{FastScale: Accelerate RAID Scaling by Minimizing Data Migration}},
  Author                   = {Zheng, Weimin and Zhang, Guangyan},
  Booktitle                = {Proc. of FAST},
  Year                     = {2011}
}

@InProceedings{zhu08,
  Title                    = {{Avoiding the Disk Bottleneck in the Data Domain Deduplication File System}},
  Author                   = {Zhu, B. and Li, K. and Patterson, H.},
  Booktitle                = {Proc. of USENIX FAST},
  Year                     = {2008}
}

@InProceedings{zhu12b,
  Title                    = {{A Cost-based Heterogeneous Recovery Scheme for Distributed Storage Systems with RAID-6 Codes}},
  Author                   = {Zhu, Y. and Lee, P.P.C. and Xiang, L. and Xu, Y. and Gao, L.},
  Booktitle                = {Proc. of IEEE DSN},
  Year                     = {2012}
}

@Misc{hp_whitewater,
  Title                    = {{Whitewater Cloud Storage Gateways with HP Cloud Services}},
  HowPublished             = {\url{https://www.hpcloud.com/sites/default/files/Riverbed-Solution_brief.pdf}}
}

@Misc{linux,
  Title                    = {{Linux kernel source tree}},
  HowPublished             = {\url{https://www.kernel.org/}}
}

@Misc{netbackup,
  Title                    = {{Symantec NetBackup 7.5}},
  HowPublished             = {\url{http://eval.symantec.com/mktginfo/enterprise/fact_sheets/b-symc_netbackup_7.5_DS_21219459-2.en-us.pdf}}
}

@Misc{rackspace,
  Title                    = {{Rackspace Cloud Backup Developer Guide}},
  HowPublished             = {\url{http://docs.rackspace.com/rcbu/api/v1.0/rcbu-devguide/rcbu-devguide-20140414.pdf}}
}

@Misc{torvalds,
  Title                    = {{Linux kernel source tree}},
  HowPublished             = {\url{https://github.com/torvalds/linux}}
}

